@article{japaneseTest1,
 author = {山田 一郎 and 山田 次郎 and 山田 三郎 and 山田 四郎},
 year = {2019},
 journal = {日本語学会},
 title = {文献1},
 isjapanese = {true},
 number = {10},
 pages = {20--30},
 volume = {15},
}
@article{japaneseTest2,
 author = {山田 五郎 and 山田 六郎},
 year = {2019},
 journal = {日本語学会},
 title = {文献2},
 isjapanese = {true},
 number = {10},
 pages = {21},
 volume = {15},

}
@book{japaneseBook1,
 author = {佐藤 一郎},
 year = {2010},
 publisher = {日本語出版},
 address = {東京},
 title = {日本語本},
 edition = {1},
 pages = {100--200},
 isjapanese = {true}
}
@article{englishTest1,
 author = {Ichiro Yamada and Jiro Yamada and Saburo Yamada and Shiro Yamada},
 year = {2019},
 journal = {IEEE Transactions on Pattern Analysis and Machine Intelligence},
 title = {Title1},
 number = {10},
 pages = {20--30},
 volume = {15},
}
@article{englishTest2,
 author = {Goro Yamada and Rokuro Yamada},
 year = {2019},
 journal = {IEEE Transactions on Pattern Analysis and Machine Intelligence},
 title = {Title2}
}
@book{englishBook1,
 address = {City, Country},
 publisher = {Publisher},
 author = {Engligh Author and German Author and Japanese Author},
 year = {2000},
 title = {Title, not booktitle},
 edition = {3},
 pages = {1-10},
}
@incollection{englishBook2,
 address = {City, Country},
 publisher = {Publisher},
 author = {Engligh Author and German Author and Japanese Author},
 booktitle = {Booktitle},
 chapter = {4},
 pages = {200--220},
 title = {Title},
 edition = {2},
 year = {2000},
}