@article{jpArticle1,
 author = {山田 一郎 and 山田 次郎 and 山田 三郎 and 山田 四郎},
 year = {2019},
 journal = {日本語学会},
 title = {文献1},
 number = {10},
 pages = {20--30},
 volume = {15},
 month = {3}
}
@article{jpArticle2,
 author = {{山田 五郎} and {山田 六郎}},
 year = {2019},
 journal = {日本語学会},
 title = {文献2},
 number = {10},
 pages = {21},
 volume = {15}
}
@article{jpArticle3,
 author = {{山田 八郎} and {山田 六郎}},
 year = {2010},
 journal = {日本語の学会名},
 title = {手法1と手法2、どちらが正しいのか?},
 number = {1},
 pages = {15},
 volume = {5}
}
@book{jpBook1,
 author = {佐藤 一郎},
 year = {2010},
 publisher = {日本語出版},
 address = {東京},
 title = {日本語本},
 edition = {1},
 pages = {100--200}
}
@book{jpBook2,
 author = {佐藤 二郎 and 佐藤 三郎},
 year = {2012},
 publisher = {日本語出版},
 address = {東京},
 title = {日本語本2},
 edition = {2},
 pages = {100--200}
}
@incollection{jpIncollection1,
 author = {{佐藤 二郎} and {佐藤 三郎}},
 year = {2012},
 publisher = {日本語出版},
 address = {東京},
 title = {日本語本2の中の抜粋},
 booktitle = {日本語本2},
 edition = {2},
 pages = {100--200}
}
@incollection{jpIncollection2,
 author = {山田 一郎},
 year = {1900},
 publisher = {出版会社},
 address = {東京},
 title = {タイトル},
 booktitle = {日本語本3},
 chapter = {3},
 edition = {1},
 pages = {100--150},
}
@article{enArticle1,
 author = {Ichiro Yamada and Jiro Yamada and Saburo Yamada and Shiro Yamada},
 year = {2019},
 journal = {IEEE Transactions on Pattern Analysis and Machine Intelligence},
 title = {Title1},
 number = {10},
 pages = {20--30},
 volume = {15},
 month = {July}
}
@article{enArticle2,
 author = {Goro Yamada and Rokuro Yamada},
 year = {2019},
 journal = {IEEE Transactions on Pattern Analysis and Machine Intelligence},
 title = {Title2},
 month = {dec.}
}
@article{enArticle3,
 author = {Goro Yamada and Rokuro Yamada},
 year = {2018},
 journal = {IEEE Transactions on Pattern Analysis and Machine Intelligence},
 title = {Title2 is true?},
 month = {nov}
}
@article{enArticle4,
 author = {Hiroshi Sato and Jiro Sasaki},
 year = {2010},
 journal = {IEEJ Sample Transactions},
 title = {Article with language field},
 month = {march},
 language = {japaneese}
}
@inproceedings{enInproceedings1,
  author = {Hayashi Shinji and Ogura Yasuhiro},
  title = {Sample Conference Article Title},
  booktitle = {Proc. 5th Internatinoal Sample Conference (ISC)},
  address = {Tokyo, Japan},
  month = {jan},
  year = {1997},
  pages = {290-294},
  number = {2}
}
@book{enBook1,
 address = {City, Country},
 publisher = {Publisher},
 author = {Engligh Author and German Author and Japanese Author},
 year = {2000},
 title = {Title, not booktitle},
 edition = {3},
 pages = {1-10},
}
@incollection{enIncollection1,
 address = {City, Country},
 publisher = {Publisher},
 author = {Engligh Author and German Author and Japanese Author},
 booktitle = {Booktitle},
 chapter = {4},
 pages = {200--220},
 title = {Title},
 edition = {2},
 year = {2000},
}
@article{enjArticle1,
 author = {Ichiro Yamada and Jiro Sato and Saburo Tanaka and Shiro Suzuki},
 year = {2016},
 journal = {Japanese Transaction},
 title = {Article Title},
 number = {5},
 pages = {45--60},
 volume = {10},
 month = {3},
 language = {japanese}
}
@article{jpjArticle1,
 author = {山田 一郎 and 佐藤 次郎 and 田中 三郎 and 鈴木 四郎},
 year = {2016},
 journal = {日本語学会},
 title = {文献タイトル},
 number = {5},
 pages = {45--60},
 volume = {10},
 month = {3}
}
@article{enjArticle2,
 author = {Ichiro Yamada},
 year = {2000},
 journal = {Japanese Transaction},
 title = {Article Title2},
 number = {1},
 pages = {4--6},
 volume = {12},
 month = {12},
 language = {Japanese}
}
@article{jpjArticle2,
 author = {山田 一郎},
 year = {2000},
 journal = {日本語学会},
 title = {文献タイトル2},
 number = {1},
 pages = {4--6},
 volume = {12},
 month = {12}
}
@article{enjArticle3,
 author = {Ichiro Yamada and Jiro Sato},
 year = {2020},
 journal = {Japanese Transaction},
 title = {Article Title3},
 number = {10},
 pages = {156},
 volume = {6},
 month = {oct.},
 language = {Japanese}
}
@article{jpjArticle3,
 author = {山田 一郎 and 佐藤 次郎},
 year = {2020},
 journal = {日本語学会},
 title = {文献タイトル3},
 number = {10},
 pages = {156},
 volume = {6},
 month = {oct.}
}
@book{enjBook1,
 author = {Ichiro Sato},
 year = {2010},
 publisher = {Japanese Publisher},
 address = {Tokyo},
 title = {Japanese Book title},
 edition = {1},
 pages = {100--200},
 language = {japaneese}
}
@book{jpjBook1,
 author = {佐藤 一郎},
 year = {2010},
 publisher = {日本語出版},
 address = {東京},
 title = {日本語本},
 edition = {1},
 pages = {100--200}
}