@article{enjArticle1,
 author = {Ichiro Yamada and Jiro Sato and Saburo Tanaka and Shiro Suzuki},
 year = {2016},
 journal = {Japanese Transaction},
 title = {Article Title},
 number = {5},
 pages = {45--60},
 volume = {10},
 month = {3},
 language = {japanese}
}
@article{jpjArticle1,
 author = {山田 一郎 and 佐藤 次郎 and 田中 三郎 and 鈴木 四郎},
 year = {2016},
 journal = {日本語学会},
 title = {文献タイトル},
 number = {5},
 pages = {45--60},
 volume = {10},
 month = {3}
}
@article{enjArticle2,
 author = {Ichiro Yamada},
 year = {2000},
 journal = {Japanese Transaction},
 title = {Article Title2},
 number = {1},
 pages = {4--6},
 volume = {12},
 month = {12},
 language = {Japanese}
}
@article{jpjArticle2,
 author = {山田 一郎},
 year = {2000},
 journal = {日本語学会},
 title = {文献タイトル2},
 number = {1},
 pages = {4--6},
 volume = {12},
 month = {12}
}
@article{enjArticle3,
 author = {Ichiro Yamada and Jiro Sato},
 year = {2020},
 journal = {Japanese Transaction},
 title = {Article Title3},
 number = {10},
 pages = {156},
 volume = {6},
 month = {oct.},
 language = {Japanese}
}
@article{jpjArticle3,
 author = {山田 一郎 and 佐藤 次郎},
 year = {2020},
 journal = {日本語学会},
 title = {文献タイトル3},
 number = {10},
 pages = {156},
 volume = {6},
 month = {oct.}
}