@book{enjBook1,
 author = {Ichiro Sato},
 year = {2010},
 publisher = {Japanese Publisher},
 address = {Tokyo},
 title = {Japanese Book title},
 edition = {1},
 pages = {100--200},
 language = {japaneese}
}
@book{jpjBook1,
 author = {佐藤 一郎},
 year = {2010},
 publisher = {日本語出版},
 address = {東京},
 title = {日本語本},
 edition = {1},
 pages = {100--200}
}