@article{enArticle1,
 author = {Ichiro Yamada and Jiro Yamada and Saburo Yamada and Shiro Yamada},
 year = {2019},
 journal = {IEEE Transactions on Pattern Analysis and Machine Intelligence},
 title = {Title1},
 number = {10},
 pages = {20--30},
 volume = {15},
 month = {July}
}
@article{enArticle2,
 author = {Goro Yamada and Rokuro Yamada},
 year = {2019},
 journal = {IEEE Transactions on Pattern Analysis and Machine Intelligence},
 title = {Title2},
 month = {dec.}
}
@article{enArticle3,
 author = {Goro Yamada and Rokuro Yamada},
 year = {2018},
 journal = {IEEE Transactions on Pattern Analysis and Machine Intelligence},
 title = {Title2 is true?},
 month = {nov}
}
@article{enArticle4,
 author = {Hiroshi Sato and Jiro Sasaki},
 year = {2010},
 journal = {IEEJ Sample Transactions},
 title = {Article with language field},
 month = {march},
 language = {japaneese}
}