@book{enBook1,
 address = {City, Country},
 publisher = {Publisher},
 author = {Engligh Author and German Author and Japanese Author},
 year = {2000},
 title = {Title, not booktitle},
 edition = {3},
 pages = {1-10},
}