@inproceedings{enInproceedings1,
  author = {Hayashi Shinji and Ogura Yasuhiro},
  title = {Sample Conference Article Title},
  booktitle = {Proc. 5th Internatinoal Sample Conference (ISC)},
  address = {Tokyo, Japan},
  month = {jan},
  year = {1997},
  pages = {290-294},
  number = {2}
}