@incollection{enIncollection1,
 address = {City, Country},
 publisher = {Publisher},
 author = {Engligh Author and German Author and Japanese Author},
 booktitle = {Booktitle},
 chapter = {4},
 pages = {200--220},
 title = {Title},
 edition = {2},
 year = {2000},
}