@article{jpArticle1,
 author = {山田 一郎 and 山田 次郎 and 山田 三郎 and 山田 四郎},
 year = {2019},
 journal = {日本語学会},
 title = {文献1},
 number = {10},
 pages = {20--30},
 volume = {15},
 month = {3}
}
@article{jpArticle2,
 author = {{山田 五郎} and {山田 六郎}},
 year = {2019},
 journal = {日本語学会},
 title = {文献2},
 number = {10},
 pages = {21},
 volume = {15}
}
@article{jpArticle3,
 author = {{山田 八郎} and {山田 六郎}},
 year = {2010},
 journal = {日本語の学会名},
 title = {手法1と手法2、どちらが正しいのか?},
 number = {1},
 pages = {15},
 volume = {5}
}