@book{jpBook1,
 author = {佐藤 一郎},
 year = {2010},
 publisher = {日本語出版},
 address = {東京},
 title = {日本語本},
 edition = {1},
 pages = {100--200}
}
@book{jpBook2,
 author = {佐藤 二郎 and 佐藤 三郎},
 year = {2012},
 publisher = {日本語出版},
 address = {東京},
 title = {日本語本2},
 edition = {2},
 pages = {100--200}
}