@incollection{jpIncollection1,
 author = {{佐藤 二郎} and {佐藤 三郎}},
 year = {2012},
 publisher = {日本語出版},
 address = {東京},
 title = {日本語本2の中の抜粋},
 booktitle = {日本語本2},
 edition = {2},
 pages = {100--200}
}
@incollection{jpIncollection2,
 author = {山田 一郎},
 year = {1900},
 publisher = {出版会社},
 address = {東京},
 title = {タイトル},
 booktitle = {日本語本3},
 chapter = {3},
 edition = {1},
 pages = {100--150},
}