@inproceedings{jpInproceedings1,
 author = {山田 一郎 and 山田 次郎},
 title = {文献タイトル},
 booktitle = {令和2年日本語大会},
 address = {大阪},
 year = {2010},
 month = {3},
 number = {10},
 pages = {20--30},
}