@article{japaneseTest1,
 author = {山田~一郎 and 山田~次郎 and 山田~三郎 and 山田~四郎},
 isjapanese = {true},
 year = {2019},
 journal = {日本語学会},
 title = {文献1}
}
@article{japaneseTest2,
 author = {山田~五郎 and 山田~六郎},
 isjapanese = {true},
 year = {2019},
 journal = {日本語学会},
 title = {文献2}
}
@article{japaneseTest3,
 author = {Ichiro Yamada and Jiro Yamada and Saburo Yamada and Shiro Yamada},
 year = {2019},
 journal = {IEEE Transactions on Pattern Analysis and Machine Intelligence},
 title = {日本語タイトル},
 isjapanese = {true},
}
@article{englishTest1,
 author = {Ichiro Yamada and Jiro Yamada and Saburo Yamada and Shiro Yamada},
 year = {2019},
 journal = {IEEE Transactions on Pattern Analysis and Machine Intelligence},
 title = {Title1}
}
@article{englishTest2,
 author = {Goro Yamada and Rokuro Yamada},
 year = {2019},
 journal = {IEEE Transactions on Pattern Analysis and Machine Intelligence},
 title = {Title2}
}
@article{englishTest3,
 author = {Sato Yamada and Sato Suzuki},
 year = {2019},
 journal = {IEEE Transactions on Pattern Analysis and Machine Intelligence},
 title = {Title3},
 file = {:C$\backslash$:/Users/ユーザ名/papers/englishTest3.pdf:pdf}
}
